<collection xmlns="http://www.loc.gov/MARC21/slim">
<record>
  <leader>01890nam0a2200337 i 450 </leader>
  <controlfield tag="001">IT\ICCU\CNCE\071856</controlfield>
  <controlfield tag="005">20110207000000.0</controlfield>
  <datafield tag="012" ind1=" " ind2=" ">
    <subfield code="a">hela a-63 sice scdo (3) 1579 (R)</subfield>
    <subfield code="2">fei</subfield>
  </datafield>
  <datafield tag="100" ind1=" " ind2=" ">
    <subfield code="a">20071005d1579        0itac0103    ba</subfield>
  </datafield>
  <datafield tag="101" ind1=" " ind2=" ">
    <subfield code="a">ITA</subfield>
  </datafield>
  <datafield tag="102" ind1=" " ind2=" ">
    <subfield code="a">IT</subfield>
  </datafield>
  <datafield tag="200" ind1="1" ind2=" ">
    <subfield code="a">Selua di varia lettione di Pietro Messia, diuisa in cinque parti, nelle quali sono vtili cose, dotti ammaestramenti, et uarij discorsi appartenenti, cos alle scientie, come alle historie de gli huomini, et de gli animali. Ampliate et di nuouo riuedute per Francesco Sansouino</subfield>
  </datafield>
  <datafield tag="210" ind1=" " ind2=" ">
    <subfield code="a">In Venetia</subfield>
    <subfield code="c">appresso Alessandro Griffio</subfield>
    <subfield code="d">1579</subfield>
  </datafield>
  <datafield tag="215" ind1=" " ind2=" ">
    <subfield code="a">\8!, 444 c.</subfield>
    <subfield code="d">8ʻ</subfield>
  </datafield>
  <datafield tag="620" ind1=" " ind2=" ">
    <subfield code="a">IT</subfield>
    <subfield code="d">Venezia</subfield>
  </datafield>
  <datafield tag="700" ind1=" " ind2="1">
    <subfield code="a">Mexa̕,</subfield>
    <subfield code="b">Pedro</subfield>
    <subfield code="3">IT\ICCU\CNCA\006982</subfield>
  </datafield>
  <datafield tag="702" ind1=" " ind2="1">
    <subfield code="a">Sansovino,</subfield>
    <subfield code="b">Francesco</subfield>
    <subfield code="3">IT\ICCU\CNCA\000140</subfield>
  </datafield>
  <datafield tag="712" ind1="0" ind2="0">
    <subfield code="a">Griffio, Alessandro</subfield>
    <subfield code="3">IT\ICCU\CNCT\000514</subfield>
    <subfield code="4">650</subfield>
  </datafield>
  <datafield tag="790" ind1=" " ind2="1">
    <subfield code="a">Mejia,</subfield>
    <subfield code="b">Pedro : de</subfield>
    <subfield code="3">IT\ICCU\CNCA\017314</subfield>
    <subfield code="z">Mexa̕, Pedro</subfield>
  </datafield>
  <datafield tag="790" ind1=" " ind2="1">
    <subfield code="a">Messia,</subfield>
    <subfield code="b">Pietro</subfield>
    <subfield code="3">IT\ICCU\CNCA\020682</subfield>
    <subfield code="z">Mexa̕, Pedro</subfield>
  </datafield>
  <datafield tag="790" ind1=" " ind2="1">
    <subfield code="a">Tatti,</subfield>
    <subfield code="b">Giovanni</subfield>
    <subfield code="3">IT\ICCU\CNCA\018531</subfield>
    <subfield code="z">Sansovino, Francesco</subfield>
  </datafield>
  <datafield tag="790" ind1=" " ind2="1">
    <subfield code="a">Guisconi,</subfield>
    <subfield code="b">Anselmo</subfield>
    <subfield code="3">IT\ICCU\CNCA\026417</subfield>
    <subfield code="z">Sansovino, Francesco</subfield>
  </datafield>
  <datafield tag="791" ind1="0" ind2="0">
    <subfield code="a">Gryphius, Alexander</subfield>
    <subfield code="3">IT\ICCU\CNCT\003881</subfield>
    <subfield code="z">Griffio, Alessandro</subfield>
  </datafield>
  <datafield tag="791" ind1="0" ind2="0">
    <subfield code="a">Grifi, Alessandro</subfield>
    <subfield code="3">IT\ICCU\CNCT\005048</subfield>
    <subfield code="z">Griffio, Alessandro</subfield>
  </datafield>
  <datafield tag="801" ind1=" " ind2="3">
    <subfield code="a">IT</subfield>
    <subfield code="b">ICCU</subfield>
    <subfield code="c">20201115</subfield>
  </datafield>
  <datafield tag="899" ind1=" " ind2=" ">
    <subfield code="a">Biblioteca comunale Luciano Benincasa. Ancona</subfield>
    <subfield code="1">AN0001</subfield>
    <subfield code="2">URB BA</subfield>
  </datafield>
  <datafield tag="899" ind1=" " ind2=" ">
    <subfield code="a">Biblioteca comunale dell&apos;Archiginnasio. Bologna</subfield>
    <subfield code="1">BO0304</subfield>
    <subfield code="2">UBO GA</subfield>
  </datafield>
  <datafield tag="899" ind1=" " ind2=" ">
    <subfield code="a">Biblioteca ausiliaria degli Archivi storici diocesani. Sede di Bobbio. Bobbio</subfield>
    <subfield code="1">PC0003</subfield>
    <subfield code="2">ZPC 16</subfield>
  </datafield>
  <datafield tag="899" ind1=" " ind2=" ">
    <subfield code="a">Biblioteca capitolare. Udine</subfield>
    <subfield code="1">UD0102</subfield>
    <subfield code="2">ZUD 13</subfield>
  </datafield>
  <datafield tag="911" ind1=" " ind2=" ">
    <subfield code="a">Sul front.</subfield>
    <subfield code="9">IT\ICCU\CNCM\001813</subfield>
  </datafield>
  <datafield tag="921" ind1=" " ind2=" ">
    <subfield code="a">IT\ICCU\CNCM\001813</subfield>
    <subfield code="b">Fama (donna alata con un piede sul globo e due trombe, una in bocca e una nella mano sinistra).</subfield>
    <subfield code="e">Famam extendere factis est virtutis opus</subfield>
    <subfield code="c">Z516</subfield>
    <subfield code="f">FAMA</subfield>
    <subfield code="f">DONNA</subfield>
    <subfield code="f">TROMBE</subfield>
    <subfield code="g">1579-1584</subfield>
  </datafield>
</record>
</collection>
